@article{boehm88,
 author = {Boehm, B. W. and Papaccio, P. N.},
 title = {Understanding and Controlling Software Costs},
 journal = {IEEE Trans. Softw. Eng.},
 issue_date = {October 1988},
 volume = {14},
 number = {10},
 month = oct,
 year = {1988},
 issn = {0098-5589},
 pages = {1462--1477},
 numpages = {16},
 url = {http://dx.doi.org/10.1109/32.6191},
 doi = {10.1109/32.6191},
 acmid = {53072},
 publisher = {IEEE Press},
 address = {Piscataway, NJ, USA},
 keywords = {DP management, black-box, cost distribution, end-user system objectives, glass-box, influence-function, integrated software productivity, quality improvement, software budgets, software costs, software engineering, software productivity, software productivity opportunity tree, value chain},
}
@inproceedings{shull2002we,
  title={What we have learned about fighting defects},
  author={Shull, Forrest and Basili, Vic and Boehm, Barry and Brown, A Winsor and Costa, Patricia and Lindvall, Mikael and Port, Daniel and Rus, Ioana and Tesoriero, Roseanne and Zelkowitz, Marvin},
  booktitle={Software Metrics, 2002. Proceedings. Eighth IEEE Symposium on},
  pages={249--258},
  year={2002},
  organization={IEEE}
}
@article{arthur99,
  title={Evaluating the effectiveness of independent verification and validation},
  author={Arthur, James D and Groner, Markus K and Hayhurst, Kelly J and Holloway, C Michael},
  journal={Computer},
  volume={32},
  number={10},
  pages={79--83},
  year={1999},
  publisher={IEEE}
}
@inproceedings{dabney2006predicting,
  title={Predicting software defect function point ratios using a bayesian belief network},
  author={Dabney, JB and Barber, G and Ohi, D},
  booktitle={Proceedings of the PROMISE workshop},
  volume={2006},
  year={2006}
}
@inproceedings{nagappan2005static,
  title={Static analysis tools as early indicators of pre-release defect density},
  author={Nagappan, Nachiappan and Ball, Thomas},
  booktitle={Proceedings of the 27th international conference on Software engineering},
  pages={580--586},
  year={2005},
  organization={ACM}
}
@inproceedings{ostrand2004bugs,
  title={Where the bugs are},
  author={Ostrand, Thomas J and Weyuker, Elaine J and Bell, Robert M},
  booktitle={ACM SIGSOFT Software Engineering Notes},
  volume={29},
  number={4},
  pages={86--96},
  year={2004},
  organization={ACM}
}
@inproceedings{tosun2010ai,
  title={AI-Based Software Defect Predictors: Applications and Benefits in a Case Study.},
  author={Tosun, Ayse and Bener, Ayse Basar and Kale, Resat},
  booktitle={IAAI},
  year={2010}
}